@online{scipywilcoxon,
  title = {SciPy},
  howpublished = {\url{http://docs.scipy.org/doc/scipy-0.17.0/reference/generated/scipy.stats.wilcoxon.html}},
  note = {Accessed: 2016-05-14}
}